@book{tao,
    author = {王强},
    title = {道德经通释},
    edition = {第一版},
    publisher = {昆仑出版社出版},
    number = {978-7-800-40837-3},
    address = {北京},
    month = {jun},
    year = {2006},
}

@misc{rfc952,
    author = {K. Harrenstien and M. Stahl and E. Feinler},
    title = {DoD Internet host table specification},
    TypeofLit = {J/OL},
    series = {IETF RFC 952},
    url = {http://www.rfc-editor.org/rfc/rfc952.txt},
    month = {oct},
    year = {1985},
}
